
\begin{thebibliography}{999}

    @misc{french_conference,
      title={THE PARIS AGREEMENT}, 
      author={United Nations Framework Convention on Climate Change (UNFCCC)},
      year={2015} }
    
    
    @article{gym-anm,
       title={Gym-ANM: Reinforcement learning environments for active network management tasks in electricity distribution systems},
       volume={5},
       ISSN={2666-5468},
       url={http://dx.doi.org/10.1016/j.egyai.2021.100092},
       DOI={10.1016/j.egyai.2021.100092},
       journal={Energy and AI},
       publisher={Elsevier BV},
       author={Henry, Robin and Ernst, Damien},
       year={2021},
       month={Sep},
       pages={100092} }
       
    @misc{wang2022multiagent,
      title={Multi-Agent Reinforcement Learning for Active Voltage Control on Power Distribution Networks}, 
      author={Jianhong Wang and Wangkun Xu and Yunjie Gu and Wenbin Song and Tim C. Green},
      year={2022},
      eprint={2110.14300},
      archivePrefix={arXiv},
      primaryClass={cs.LG} }
      
    @misc{eps,
      title={Power electronics: a first course}, 
      author={MOHAN Ned},
      year={2012} }
      
    @article{pandapower,
       title={Pandapower—An Open-Source Python Tool for Convenient Modeling, Analysis, and Optimization of Electric Power Systems},
       volume={33},
       ISSN={1558-0679},
       url={http://dx.doi.org/10.1109/TPWRS.2018.2829021},
       DOI={10.1109/tpwrs.2018.2829021},
       number={6},
       journal={IEEE Transactions on Power Systems},
       publisher={Institute of Electrical and Electronics Engineers (IEEE)},
       author={Thurner, Leon and Scheidler, Alexander and Schafer, Florian and Menke, Jan-Hendrik and Dollichon, Julian and Meier, Friederike and Meinecke, Steffen and Braun, Martin},
       year={2018},
       month={Nov},
       pages={6510–6521} }
       
    
    @article{haulogypaper,
        author={Mathieu, Sébastien and Ernst, Damien and Gemine, Quentin},  booktitle={2020 International Conference on Probabilistic Methods Applied to Power Systems (PMAPS)},   title={Short-term active distribution network operation under uncertainty},   year={2020},  volume={},  number={},  pages={1-6},  doi={10.1109/PMAPS47429.2020.9183701}}


\end{thebibliography}